2370 3894
520 245 736 310 ..12-

187 408 286 488 lienes
309 407 345 468 de
369 426 460 488 porco
483 410 602 489 penitus
625 426 685 468 non
714 407 833 487 expedit
856 408 1049 489 manducare,
1079 411 1137 470 nisi
1154 411 1175 466 lt

121 496 212 557 latera
235 500 379 576 ipsorum,
403 498 471 574 quia
490 499 553 576 ipsa
568 505 638 556 sunt
652 514 782 574 congrua
802 505 832 556 et
851 495 926 556 bene
946 496 1137 574 digeruntur.

122 603 189 646 nam
212 603 300 645 renes
323 585 360 645 de
384 584 465 644 nullo
489 583 612 644 animale
636 584 861 645 manducentur.

188 672 224 733 de
249 682 351 733 ventre
375 690 446 732 vero
464 672 547 732 bovis
562 672 607 732 vel
621 674 753 732 vervecis
773 681 910 733 auctores
928 671 1035 734 iubent
1054 675 1175 735 man-1¹.

88 761 241 841 odocare,
264 769 382 840 praeter
405 761 453 820 illa
477 778 551 839 quae
576 769 646 820 sunt
669 763 771 839 spissa.
805 760 856 821 sed
879 760 963 841 elixa,
987 779 1057 823 nam
1077 781 1138 823 non

122 867 195 910 assa.
495 898 501 910 .

188 938 272 997 vulva
295 939 417 1016 porcina
442 939 557 1015 etipsa
581 939 689 1015 optima
714 946 768 1016 est,
792 937 843 996 sed
867 937 950 997 elixa.
1152 941 1175 994 lt

189 1044 294 1085 sumen
324 1027 480 1104 porcinum
509 1025 648 1103 etipsud
682 1024 792 1084 bonum
825 1035 870 1085 est
900 1035 931 1085 et
949 1025 1077 1097 ¹frixum
1110 1036 1175 1091 etlt

122 1113 240 1173 elixum.

74 1214 107 1261 10
193 1202 228 1261 de
252 1220 338 1260 vacca
362 1211 463 1261 tenera
487 1209 591 1260 venter
614 1201 708 1261 elixus
732 1219 881 1279 congruus
909 1209 963 1261 est.
1008 1201 1175 1263 laridumu

125 1308 195 1349 vcro
219 1289 387 1366 intartalia
410 1292 533 1349 missum
561 1289 711 1348 interdum
740 1291 939 1368 permittimus
969 1291 1139 1352 comedere.

192 1378 227 1437 de
251 1378 337 1437 ficato
359 1380 482 1456 porcino
506 1379 581 1436 lrixo
605 1380 724 1456 penitus
748 1394 807 1436 non
830 1377 949 1456 expedit
971 1396 1028 1437 nec
1055 1381 1136 1439 sanis
1151 1387 1175 1443 n

123 1484 178 1525 nee
202 1467 335 1526 infirmis.
359 1468 422 1526 sani
446 1474 544 1524 tamen
559 1468 584 1524 si
598 1464 758 1544 voluerint,
781 1468 824 1524 sic
847 1465 1037 1528 manducent.
1064 1469 1138 1528 inci·

124 1553 289 1614 sumbone
313 1556 343 1613 in
368 1553 509 1640 eraticula
529 1555 625 1613 turrea
649 1571 723 1631 quae
748 1552 836 1613 babet
859 1552 1059 1643 Quippe}
1085 1574 1137 1616 un·

72 1655 104 1701 15
124 1652 231 1720 guatur
255 1650 305 1703 aut
329 1642 364 1701 de
383 1628 460 1701 'cleo
490 1650 540 1701 atrt
573 1642 608 1701 de
639 1651 744 1721 uncto,
774 1650 804 1701 et
839 1643 881 1701 sic
916 1643 946 1700 in
975 1641 1137 1705 subtilibus

123 1728 302 1790 carbonibus
325 1737 442 1789 assetur
465 1732 505 1789 ita
529 1737 563 1789 ut
586 1730 774 1790 crudastrum
799 1731 846 1808 sit,
869 1738 900 1789 et
918 1729 1018 1790 calens
1037 1732 1136 1810 ipsum

122 1818 303 1877 manducent
322 1836 389 1876 oum
409 1818 474 1877 oleo
489 1826 520 1877 et
534 1817 593 1876 sale
610 1825 639 1876 et
654 1817 811 1877 coriandro
831 1820 976 1878 minutato
996 1819 1136 1899 desuper.

189 1905 231 1966 lle
254 1904 393 1965 avibus
407 1924 486 1984 vero,
509 1905 566 1965 boc
590 1915 635 1965 est
658 1907 778 1965 lasianis
801 1907 893 1984 pastis
917 1914 947 1965 et
969 1907 1171 1988 anseribusffl

124 1996 193 2071 qnia
211 2001 384 2073 pascuntur,
406 2001 511 2071 peetus
531 1993 649 2053 illorum
668 2011 833 2072 congruum
852 2003 898 2054 est
917 2001 1045 2075 tantum,
1070 1998 1135 2075 quia

71 2092 106 2141 to
125 2099 245 2141 carnem
269 2080 363 2140 albam
387 2080 483 2140 habet.
524 2083 587 2161 ipsa
607 2084 698 2160 magis
718 2081 844 2161 expedit.
878 2099 945 2141 nam
968 2086 1134 2160 posteriora

125 2171 258 2248 ipsorum
282 2188 341 2229 non
365 2179 601 2248 praesumantur,
624 2172 692 2248 quia
711 2178 832 2248 gravant
851 2169 1048 2252 stomachum,
1071 2174 1135 2250 qula

125 2276 185 2316 non
209 2266 255 2318 ost
277 2257 324 2317 illa
348 2259 447 2335 sagina
471 2258 613 2317 naturalis
636 2257 687 2317 sed
712 2257 833 2318 adiecta.

192 2345 314 2423 gallinae
338 2345 384 2404 vel
406 2345 479 2424 pulli
502 2349 688 2425 pinguiores,
717 2348 847 2424 quinon
876 2353 975 2404 tamen
999 2349 1168 2425 sagium-tt

129 2442 202 2514 tur,¹
226 2436 351 2512 congrui
378 2440 449 2492 sunt
471 2434 510 2491 ita
539 2443 572 2493 ut
599 2432 723 2493 hiberno
752 2442 884 2512 ternpore
916 2441 983 2492 ante
1012 2433 1136 2496 biduum

73 2533 107 2582 25
128 2522 317 2601 occidantur,
346 2538 413 2580 nam
437 2523 554 2580 aestivis
579 2520 683 2581 diebus
707 2530 774 2581 ante
799 2540 895 2603 seram
919 2530 1044 2583 tantum.
1088 2524 1136 2603 qul

127 2611 247 2688 capriati
272 2610 342 2669 lacti
364 2608 470 2668 melius
493 2610 699 2690 comeduntur,
722 2596 847 2670 maxin're
862 2617 983 2688 pectora
1001 2612 1134 2688 ipsorum

127 2706 157 2757 et
180 2696 317 2777 ascellae,
341 2699 409 2774 quia
432 2699 488 2756 ista
511 2697 649 2757 meliores
673 2698 813 2757 humores
837 2706 867 2757 et
890 2699 1066 2775 sanguinem
1088 2699 1135 2759 bo

126 2803 198 2851 num
222 2789 366 2846 nutriunt.
408 2803 475 2844 nam
496 2788 662 2864 posteriora
689 2788 821 2845 omnium
845 2781 945 2845 arium
970 2789 1051 2846 sanis
1073 2790 1136 2866 qui·

42 2930 49 2943 ,
127 2873 194 2933 dem
213 2872 382 2933 bominibus
406 2884 471 2951 apta
496 2882 574 2954 sunt,
598 2882 627 2933 et
645 2875 700 2934 ista
720 2876 869 2934 etomnia.
906 2891 973 2932 nam
996 2884 1136 2937 auctores

73 2973 108 3022 30
127 2964 181 3022 ista
204 2957 394 3039 <quaerunt>
412 2954 493 3038 'qum
509 2970 579 3021 sunt
597 2964 755 3041 praecipua
771 2961 903 3022 membra
923 2964 1002 3020 inter
1016 2962 1134 3024 diversa

123 3067 233 3128 genera
256 3050 290 3109 ad
314 3051 394 3108 viros
417 3048 557 3107 deliciose
581 3052 712 3110 viventes
736 3059 765 3109 et
788 3050 902 3109 diversa
926 3048 1063 3110 ciborum
1091 3071 1136 3113 su·

121 3146 254 3198 mentes:
285 3156 339 3216 pro
363 3139 435 3215 ipsis
464 3139 596 3214 exposita
627 3145 673 3196 est
696 3140 751 3197 ista
782 3140 870 3217 ratio,
894 3145 1048 3215 praeterea
1081 3140 1137 3200 illis

122 3228 172 3305 qui
205 3226 385 3285 infirmiores
417 3233 487 3284 sunt
524 3243 657 3304 corpore.
704 3244 771 3286 nam
803 3228 881 3286 inter
911 3225 1025 3283 diversa
1058 3225 1136 3289 bona

122 3315 279 3374 commixta
299 3312 333 3372 in
357 3313 480 3390 prandio
506 3315 530 3372 si
554 3332 632 3374 unus
656 3313 740 3375 cibus
764 3332 823 3373 non
847 3330 997 3390 congruus
1017 3323 1047 3374 et
1070 3330 1137 3378 cru·-

66 3412 100 3461 35
121 3403 186 3463 dior
210 3402 310 3481 luerit,
333 3401 381 3460 illa
405 3401 459 3460 alia
483 3400 559 3461 bona
583 3401 707 3481 dissipat
730 3411 760 3462 et
783 3421 842 3461 non
866 3401 973 3460 bonam
992 3399 1137 3479 digestio

28 3546 32 3551 .
107 3507 182 3548 nem
201 3491 357 3568 permittit
382 3498 516 3549 ventrem
540 3488 658 3550 babere.
695 3507 783 3570 supra
812 3492 940 3568 scriptae
970 3491 1042 3548 vero
1069 3510 1138 3555 aves
