2370 3908
382 989 525 1068 series
562 996 800 1068 bibulorum

417 1157 473 1198 sec.
488 1139 551 1198 cod.
567 1138 595 1197 S.
610 1138 691 1199 Galli
707 1142 768 1200 762

148 1274 192 1342 (de
210 1271 325 1340 reliquis
343 1290 368 1328 v.
388 1272 493 1326 Anecd.
512 1272 544 1340 lI,
564 1277 596 1326 51
617 1274 646 1327 eb
663 1271 737 1327 infra
754 1273 826 1327 Adn.
845 1274 927 1343 adp.
948 1279 989 1343 18,
1009 1277 1046 1342 6).

87 1433 238 1489 Praefatio.
655 1431 810 1486 turturibus
828 1437 863 1487 25

88 1505 129 1557 De
148 1520 220 1572 pane
240 1510 263 1555 1.
656 1502 797 1557 sturnellis
815 1509 849 1558 26

86 1576 128 1628 De
153 1573 282 1628 carnibus
301 1579 397 1628 3-13:
655 1573 769 1643 gruibus
787 1579 821 1628 27

122 1643 245 1698 vaccinis
263 1651 279 1697 3
299 1646 343 1711 (12
363 1646 407 1710 20)
654 1644 814 1714 perdicibus
833 1650 867 1699 28

122 1714 276 1768 vervecinis
296 1721 312 1767 4
331 1714 388 1782 (17)
656 1715 792 1770 columbis
811 1720 845 1768 23

123 1784 271 1854 agnellinis
291 1789 306 1836 5
654 1786 813 1855 passeribus
832 1790 866 1839 30

123 1857 157 1909 de
176 1855 275 1909 haedis
295 1860 311 1909 5
654 1856 774 1910 ficetulis
794 1862 826 1910 31

123 1925 241 1980 cervinis
261 1932 277 1980 6
654 1928 785 1982 anubibus
804 1932 837 1981 32

122 1998 156 2050 de
175 1995 315 2051 hinnuleis
334 2003 350 2050 7
654 2010 707 2052 ave
725 1999 808 2052 tarda
827 2003 871 2051 33.

123 2069 157 2121 de
178 2066 316 2136 capreolis
336 2073 351 2120 7
618 2066 659 2122 De
682 2068 776 2136 isicio,
800 2067 906 2134 astuto,
930 2067 991 2122 ovis
1009 2073 1043 2122 33
1063 2073 1097 2122 34

122 2138 270 2207 aprunisS
654 2144 768 2193 35—38.
791 2138 842 2208 (De
860 2138 956 2193 bolitis
976 2140 1030 2206 38.)

123 2208 565 2279 depcrcodomcslicoassulS19)
619 2206 660 2261 De
678 2208 803 2278 piscibus
818 2215 937 2263 39-472

158 2279 191 2332 de
210 2278 380 2333 lactantibus
401 2285 434 2332 10
653 2282 747 2334 tractu
766 2286 799 2334 33

122 2349 156 2402 de
175 2350 265 2404 bubus
286 2356 317 2402 11
337 2352 381 2416 (12
403 2351 446 2417 17)
653 2365 738 2419 perca
755 2356 790 2404 33

120 2419 253 2487 leporinis
274 2427 314 2474 13.
653 2420 727 2476 lucio
745 2427 781 2474 40

83 2488 126 2540 De
145 2489 236 2544 larido
257 2496 298 2545 14.
653 2506 732 2544 esoce
751 2497 783 2544 41

84 2559 126 2611 De
146 2561 253 2615 cervisa
273 2561 364 2629 (medo
379 2560 503 2629 sloxiuo)
521 2566 562 2615 15.
652 2560 776 2630 plutsnsi
794 2567 828 2615 42

85 2631 137 2696 (De
155 2632 238 2684 certis
255 2631 422 2699 quibusdum
436 2631 563 2700 pertibus
653 2632 730 2685 solea
748 2638 782 2684 42

121 2699 295 2768 animalium)
317 2707 433 2754 16-21:
653 2701 779 2770 anguilla
798 2707 831 2755 43

120 2768 232 2823 renibus
254 2777 285 2824 16
651 2771 789 2825 truccnbis
808 2778 843 2825 44

120 2842 216 2893 ventre
237 2846 270 2893 17
290 2842 345 2908 (20)
652 2842 797 2895 teconibus
816 2847 851 2896 45

119 2910 204 2963 vulva
224 2914 256 2963 18
653 2911 775 2966 cracatio
795 2919 828 2965 46

120 2980 227 3034 sumine
245 2986 277 3033 19
652 2981 796 3051 naupridis
814 2987 858 3036 47.

119 3051 202 3105 ficato
222 3057 254 3104 21
615 3051 657 3107 De
689 3052 846 3121 pectinibus
875 3054 905 3107 eb
933 3054 1033 3109 ostreis
1061 3059 1095 3109 48

83 3121 124 3174 De
144 3120 242 3176 avibus
262 3121 348 3191 pascis
367 3126 485 3174 22-24ε
652 3124 707 3191 (33)
726 3129 768 3178 49.

118 3191 232 3245 fasianis
251 3198 285 3245 22
301 3193 357 3259 (38)
615 3190 658 3246 Do
676 3193 798 3246 oleribus
818 3198 935 3249 50—62:

118 3262 263 3316 anseribus
282 3269 316 3316 22
336 3263 392 3333 (37)
651 3262 744 3317 malva
762 3268 796 3315 50

117 3333 231 3402 gallinis
249 3334 295 3387 vel
313 3332 399 3403 pullis
418 3338 452 3386 23
472 3335 528 3403 (33)
650 3333 716 3388 beta
735 3339 770 3387 50

117 3404 272 3472 pavonibus
292 3410 333 3459 24.
650 3419 733 3472 porro
752 3409 786 3457 50

84 3473 126 3526 De
150 3475 308 3544 agrestibus
326 3474 425 3531 avibus
440 3480 558 3530 25-33:
651 3474 776 3530 caulibus
796 3479 831 3530 50
