2370 3894
532 182 748 247 ..16-

134 350 307 422 nascuntur,
329 342 469 403 meliores
492 351 562 404 sunt
585 360 674 421 quam
697 342 763 403 illae
783 361 858 421 quae
882 345 913 403 in
935 343 1051 404 limosis
1074 343 1149 406 locis

134 432 180 492 vel
202 432 307 492 lutosis
331 440 503 491 nascuntur.
544 449 626 490 assae
659 433 699 491 ita
727 440 760 491 ut
783 431 966 511 capellentur
989 441 1092 510 partes
1116 443 1148 495 et

134 522 230 580 sicin
255 519 339 579 brido
363 527 502 580 assentur
524 521 654 598 aptiores
684 528 755 579 sunt
782 538 870 598 quam
900 519 1008 597 elixae,
1039 523 1081 581 ita
1113 530 1148 583 ut

133 610 164 668 in
187 607 337 668 salimuria
360 614 518 685 tangantur
541 607 611 668 dum
635 615 780 682 assantur,
804 615 838 668 ut
860 609 952 686 magis
975 609 1081 669 durior
1096 611 1147 670 liat

96 707 202 758 dcam
225 698 297 775 ipsa.

200 787 329 845 trucanti
352 784 394 844 illi
421 785 526 844 minuti
549 784 727 862 pisciunculi
750 786 809 845 assi
835 784 881 845 vel
908 784 977 845 frixi
997 787 1061 864 apti
1075 786 1181 847 sunttt

132 892 187 952 pru
211 874 337 933 fastidio.

199 970 320 1021 tecones
343 961 484 1021 dicuntur
512 958 577 1020 es'se
608 960 659 1020 filii
687 974 824 1041 esocum3
856 969 953 1021 tamen
985 963 1044 1040 ipsi
1073 960 1181 1024 bouill

132 1058 202 1109 sunt
225 1058 255 1109 et
278 1051 357 1109 sanis
376 1059 406 1108 et
428 1050 553 1109 infirmis
577 1048 645 1108 elixi
668 1051 698 1108 in
722 1049 782 1109 sale
806 1056 837 1109 et
859 1048 932 1110 oleo.

81 1151 115 1200 10
200 1137 236 1196 de
259 1139 341 1216 pisce
365 1139 492 1197 cracatio
516 1155 584 1196 caro
608 1137 713 1197 sortior
736 1145 790 1199 est.
827 1140 890 1197 sani
915 1137 1052 1199 homines
1076 1139 1181 1218 pos-lt

133 1234 203 1285 sunt
226 1225 412 1293 manducare.

197 1314 357 1391 naupridas
380 1331 453 1372 uero
477 1331 533 1374 nec
557 1314 708 1372 nominare
738 1331 794 1373 nec
824 1315 904 1373 sanis
933 1331 989 1373 nec
1015 1306 1181 1376 infirmirll

133 1399 318 1481 hominibu5‚
344 1403 412 1479 quia
435 1401 540 1462 malam
563 1418 683 1461 carnem
706 1400 816 1462 habent
838 1410 868 1461 et
891 1401 1142 1484 melancholicam,

132 1491 172 1549 ita
201 1497 231 1549 et
259 1507 363 1567 graves
390 1498 421 1549 et
454 1489 546 1548 malus
579 1488 721 1548 humores
751 1498 781 1549 et
816 1491 990 1567 sanguinem
1022 1493 1142 1568 nigrum

79 1579 268 1638 adnutriunt
292 1586 322 1637 et
345 1596 449 1637 causas
472 1578 562 1638 malas
585 1585 736 1654 generant.
773 1595 860 1637 omne
883 1595 954 1637 vero
979 1596 1078 1656 genus
1099 1582 1141 1660 pi·

131 1667 225 1725 scium
250 1666 422 1725 comedatur
444 1684 558 1725 recens.
600 1682 668 1751 nam
691 1667 717 1724 si
736 1665 878 1745 oluerint,
910 1668 982 1726 satis
1011 1670 1142 1744 graviter
1179 1692 1181 1697 ·

129 1762 255 1833 possunt
278 1771 394 1812 nocere.

197 1841 327 1900 Pectinis
351 1843 460 1919 optima
484 1858 552 1900 caru
576 1839 644 1899 elixi
667 1842 736 1900 laeti
760 1849 790 1901 et
812 1843 901 1900 assati
924 1843 954 1901 in
979 1850 1057 1903 testa
1080 1844 1176 1923 suall

130 1937 160 2005 et
183 1947 274 2007 opera
297 1928 366 1988 inde
390 1930 469 1988 fient.
506 1937 537 1988 et
559 1931 684 2006 congrui
707 1937 777 1989 sunt
800 1939 830 1989 et
854 1931 933 1988 sanis
956 1938 987 1989 et
1005 1932 1142 2013 infirmis,

75 2030 110 2080 20
129 2017 180 2077 sed
204 2024 302 2076 tamen
327 2026 358 2076 et
379 2018 436 2095 ipsi
459 2018 485 2076 si
508 2025 645 2076 recentes
669 2019 787 2077 luerint.

195 2114 293 2165 ostrea
316 2122 386 2164 vero
417 2123 539 2165 necesse
562 2103 689 2164 habetur
711 2123 765 2184 pro
789 2105 936 2166 desiderio
962 2107 1174 2185 permittereli

128 2193 278 2253 interdum
303 2195 371 2272 quia
395 2193 501 2271 frigida
524 2200 595 2253 sunt
618 2200 648 2253 et
670 2193 843 2271 flegmatica.
877 2200 974 2254 tamen
999 2196 1026 2253 si
1044 2203 1140 2256 assata

128 2283 240 2341 luerint
263 2282 411 2359 quomodo
434 2290 504 2341 sunt
526 2280 625 2340 clausa
654 2281 685 2341 in
712 2290 787 2342 testa
815 2300 883 2361 sua,
915 2284 1031 2360 aptiora
1061 2291 1139 2344 sunt

129 2369 220 2429 cruda
243 2388 313 2429 vero
331 2371 388 2447 ·qui
411 2368 555 2448 comedet,
573 2368 618 2428 vel
641 2368 819 2446 spondulum
843 2388 952 2449 purum
970 2370 1139 2452 manducet,

74 2471 108 2520 25
130 2457 208 2535 quod
242 2466 288 2518 est
317 2457 458 2517 callosum
486 2464 517 2516 et
545 2455 595 2516 illu
623 2457 702 2534 quod
725 2460 757 2517 in
779 2476 851 2536 gyro
879 2458 989 2537 pendet
1012 2458 1138 2521 sublate.

127 2553 224 2605 ostrea
248 2563 318 2605 vem
342 2546 368 2604 si
391 2545 471 2604 olent
501 2553 531 2604 et
558 2547 625 2622 quis
649 2545 882 2626 manducaverit,
905 2545 999 2606 altero
1023 2564 1137 2609 venenu

126 2651 201 2712 opus
225 2632 403 2695 nonhabet.

192 2721 233 2781 lle
249 2721 415 2782 oleribus
438 2721 531 2781 malva
554 2720 621 2780 beta
643 2739 752 2800 porrus
771 2737 900 2800 congrua
923 2731 994 2782 sunt
1017 2726 1164 2805 semperil

127 2819 157 2870 et
179 2812 290 2870 aestivo
315 2817 345 2870 et
366 2809 501 2891 hiberno,
524 2808 623 2869 caules
647 2827 717 2869 vero
745 2809 851 2870 hiemis
878 2819 1021 2889 tempore.
1071 2830 1136 2873 nam

73 2913 107 2961 30
126 2900 244 2958 aestivis
266 2897 371 2958 diebus
395 2897 598 2958 melancholici
621 2905 700 2958 sunt.

192 2986 322 3046 lactucae
346 3004 405 3046 uno
428 3003 510 3045 more
533 2993 616 3064 sunt,
646 2993 799 3065 praeterea
827 2989 852 3047 si
880 2985 915 3046 ad
946 2986 1052 3049 horam
1077 2988 1133 3051 cul·

125 3075 218 3134 lectae
242 3075 466 3134 manducantur.
513 3076 538 3132 si
561 3083 659 3133 autem
688 3075 799 3134 luerint
826 3074 916 3134 biduo
947 3084 998 3135 aut
1026 3078 1134 3157 triduo,

126 3164 260 3242 silente,
284 3180 337 3241 pro
362 3162 509 3222 desiderio
533 3162 724 3239 accipiantur.

191 3249 294 3311 intuba
317 3268 387 3310 vero
411 3249 486 3310 bena
511 3258 581 3309 sunt
607 3257 638 3310 et
661 3249 752 3309 cruda
780 3259 810 3310 et
840 3249 914 3310 elixa
945 3258 974 3310 et
997 3256 1082 3316 sanis
1108 3261 1135 3317 et

71 3354 104 3402 35
124 3340 259 3419 infirmis,
281 3338 373 3399 cruda
395 3356 465 3397 vero
494 3355 552 3397 una
576 3338 623 3397 die
651 3340 838 3400 exsiccentur
862 3338 897 3397 ad
921 3338 1014 3398 solem
1039 3352 1071 3404 et
1096 3344 1134 3405 sie

116 3427 348 3487 manducentur.
